[gd_scene load_steps=38 format=2]

[ext_resource path="res://Character/Boss1.gd" type="Script" id=1]
[ext_resource path="res://Assets/Enemy/minotaur/run/run1.tres" type="Texture" id=2]
[ext_resource path="res://Assets/Enemy/minotaur/run/run2.tres" type="Texture" id=3]
[ext_resource path="res://Assets/Enemy/minotaur/run/run3.tres" type="Texture" id=4]
[ext_resource path="res://Assets/Enemy/minotaur/run/run4.tres" type="Texture" id=5]
[ext_resource path="res://Assets/Enemy/minotaur/run/run5.tres" type="Texture" id=6]
[ext_resource path="res://Assets/Enemy/minotaur/run/run6.tres" type="Texture" id=7]
[ext_resource path="res://Assets/Enemy/minotaur/run/run7.tres" type="Texture" id=8]
[ext_resource path="res://Assets/Enemy/minotaur/run/run8.tres" type="Texture" id=9]
[ext_resource path="res://Assets/Enemy/minotaur/idle/idle1.tres" type="Texture" id=10]
[ext_resource path="res://Assets/Enemy/minotaur/idle/idle2.tres" type="Texture" id=11]
[ext_resource path="res://Assets/Enemy/minotaur/idle/idle3.tres" type="Texture" id=12]
[ext_resource path="res://Assets/Enemy/minotaur/idle/idle4.tres" type="Texture" id=13]
[ext_resource path="res://Assets/Enemy/minotaur/idle/idle5.tres" type="Texture" id=14]
[ext_resource path="res://Assets/Enemy/minotaur/dead/dead1.tres" type="Texture" id=15]
[ext_resource path="res://Assets/Enemy/minotaur/dead/dead2.tres" type="Texture" id=16]
[ext_resource path="res://Assets/Enemy/minotaur/dead/dead3.tres" type="Texture" id=17]
[ext_resource path="res://Assets/Enemy/minotaur/dead/dead4.tres" type="Texture" id=18]
[ext_resource path="res://Assets/Enemy/minotaur/dead/dead5.tres" type="Texture" id=19]
[ext_resource path="res://Assets/Enemy/minotaur/dead/dead6.tres" type="Texture" id=20]
[ext_resource path="res://Assets/Enemy/minotaur/Attack/atk1.tres" type="Texture" id=21]
[ext_resource path="res://Assets/Enemy/minotaur/Attack/atk2.tres" type="Texture" id=22]
[ext_resource path="res://Assets/Enemy/minotaur/Attack/atk3.tres" type="Texture" id=23]
[ext_resource path="res://Assets/Enemy/minotaur/Attack/atk4.tres" type="Texture" id=24]
[ext_resource path="res://Assets/Enemy/minotaur/Attack/atk5.tres" type="Texture" id=25]
[ext_resource path="res://Assets/Enemy/minotaur/Attack/atk6.tres" type="Texture" id=26]
[ext_resource path="res://Assets/Enemy/minotaur/Attack/atk7.tres" type="Texture" id=27]
[ext_resource path="res://Assets/Enemy/minotaur/Attack/atk8.tres" type="Texture" id=28]
[ext_resource path="res://Assets/Enemy/minotaur/Attack/atk9.tres" type="Texture" id=29]
[ext_resource path="res://Assets/Enemy/minotaur/Attack/test1.tres" type="Texture" id=30]
[ext_resource path="res://Assets/Audio/Swooshing-SoundBible.com-1214884243.ogg" type="AudioStream" id=31]

[sub_resource type="SpriteFrames" id=1]
animations = [ {
"frames": [ ExtResource( 2 ), ExtResource( 3 ), ExtResource( 4 ), ExtResource( 5 ), ExtResource( 6 ), ExtResource( 7 ), ExtResource( 8 ), ExtResource( 9 ) ],
"loop": true,
"name": "Walk",
"speed": 12.0
}, {
"frames": [ ExtResource( 10 ), ExtResource( 11 ), ExtResource( 12 ), ExtResource( 13 ), ExtResource( 14 ) ],
"loop": true,
"name": "Idle",
"speed": 8.0
}, {
"frames": [ ExtResource( 15 ), ExtResource( 16 ), ExtResource( 17 ), ExtResource( 18 ), ExtResource( 19 ), ExtResource( 20 ) ],
"loop": true,
"name": "Dead",
"speed": 5.0
}, {
"frames": [ ExtResource( 21 ), ExtResource( 22 ), ExtResource( 23 ), ExtResource( 24 ), ExtResource( 25 ), ExtResource( 26 ), ExtResource( 27 ), ExtResource( 28 ), ExtResource( 29 ) ],
"loop": true,
"name": "Attack",
"speed": 10.0
} ]

[sub_resource type="RectangleShape2D" id=2]
extents = Vector2( 12.4932, 10.3429 )

[sub_resource type="RectangleShape2D" id=3]
extents = Vector2( 11.0288, 24.3559 )

[sub_resource type="RectangleShape2D" id=4]
extents = Vector2( 11.3577, 25.17 )

[sub_resource type="CircleShape2D" id=5]
radius = 87.0517

[sub_resource type="Animation" id=6]
resource_name = "attack"
length = 1.1
loop = true
tracks/0/type = "value"
tracks/0/path = NodePath(".:frame")
tracks/0/interp = 1
tracks/0/loop_wrap = true
tracks/0/imported = false
tracks/0/enabled = true
tracks/0/keys = {
"times": PoolRealArray( 0, 0.5, 0.6, 0.7, 0.8, 0.9, 1 ),
"transitions": PoolRealArray( 1, 1, 1, 1, 1, 1, 1 ),
"update": 1,
"values": [ 0, 1, 2, 3, 4, 5, 6 ]
}
tracks/1/type = "value"
tracks/1/path = NodePath("../hit/CollisionShape2D:disabled")
tracks/1/interp = 1
tracks/1/loop_wrap = true
tracks/1/imported = false
tracks/1/enabled = true
tracks/1/keys = {
"times": PoolRealArray( 0, 0.6, 0.7 ),
"transitions": PoolRealArray( 1, 1, 1 ),
"update": 1,
"values": [ true, false, true ]
}
tracks/2/type = "audio"
tracks/2/path = NodePath("../AudioStreamPlayer")
tracks/2/interp = 1
tracks/2/loop_wrap = true
tracks/2/imported = false
tracks/2/enabled = true
tracks/2/keys = {
"clips": [ {
"end_offset": 0.0,
"start_offset": 0.0,
"stream": ExtResource( 31 )
} ],
"times": PoolRealArray( 0.5 )
}

[node name="Boss" type="KinematicBody2D"]
script = ExtResource( 1 )

[node name="AnimatedSprite" type="AnimatedSprite" parent="."]
position = Vector2( -279.214, -37.971 )
frames = SubResource( 1 )
animation = "Idle"
frame = 2
offset = Vector2( 279.214, 37.971 )

[node name="body" type="CollisionShape2D" parent="."]
position = Vector2( -7.49233, 0.681122 )
shape = SubResource( 2 )

[node name="hit" type="Area2D" parent="."]

[node name="CollisionShape2D" type="CollisionShape2D" parent="hit"]
position = Vector2( 24.0607, 0.0851343 )
shape = SubResource( 3 )

[node name="onrange" type="Area2D" parent="."]

[node name="CollisionShape2D" type="CollisionShape2D" parent="onrange"]
position = Vector2( 24.204, 0.35971 )
shape = SubResource( 4 )

[node name="Vision" type="Area2D" parent="."]

[node name="CollisionShape2D" type="CollisionShape2D" parent="Vision"]
visible = false
shape = SubResource( 5 )

[node name="atk" type="Sprite" parent="."]
visible = false
texture = ExtResource( 30 )
hframes = 9
frame = 2

[node name="AnimationPlayer" type="AnimationPlayer" parent="atk"]
anims/attack = SubResource( 6 )

[node name="AudioStreamPlayer" type="AudioStreamPlayer" parent="."]
stream = ExtResource( 31 )
[connection signal="body_entered" from="hit" to="." method="_on_hit_body_entered"]
[connection signal="body_exited" from="hit" to="." method="_on_hit_body_exited"]
[connection signal="body_entered" from="onrange" to="." method="_on_onrange_body_entered"]
[connection signal="body_exited" from="onrange" to="." method="_on_onrange_body_exited"]
[connection signal="body_entered" from="Vision" to="." method="_on_Vision_body_entered"]
[connection signal="body_exited" from="Vision" to="." method="_on_Vision_body_exited"]
